@misc{GraKomputerowa, howpublished = {\url{https://sjp.pwn.pl/slowniki/gra\%20komputerowa.html}}, note = {Dostęp: 2020-12-05}

@misc{Pong, howpublished = {\url{https://pl.wikipedia.org/wiki/Pong}}, note = {Dostęp: 2020-12-05}

@book{KompendiumProd,
    author    = "Rafał Nowocień",
    title     = "Tworzenie gier komputerowych. Kompendium producenta",
    year      = "2019",
    publisher = "Helion",
    address   = "Poland"
}

@misc{Cutscena, howpublished = {\url{https://sjp.pl/cutscena}}, note = {Dostęp: 2020-12-05}

@misc{Automat, howpublished = {\url{https://pl.wikipedia.org/wiki/Automat_do_gry}}, note = {Dostęp: 2020-12-05}

@misc{StartUP, howpublished = {\url{https://smartbees.pl/blog/co-jest-startup}}, note = {Dostęp: 2020-12-05}

@misc{OpenSource, howpublished = {\url{http://www.polkas.pl/Pl/artykul/open_source-_definicja_i_zastosowanie/}}, note = {Dostęp: 2020-12-05}

@misc{TestyAkceptacyjne, howpublished = {\url{https://testerzy.pl/baza-wiedzy/testowanie-akceptacyjne}}, note = {Dostęp: 2020-12-05}

@misc{Steam, howpublished = {\url{www.steampowered.com}}, note = {Dostęp: 2020-12-05}

@misc{Draugr, howpublished = {\url{https://historiamniejznanaizapomniana.wordpress.com/2015/12/01/draugr-nieumarly-wiking/}}, note = {Dostęp: 2020-12-05}

@misc{Vector, howpublished = {\url{http://roznice.com/technologia/komputery/roznice-miedzy-grafika-rastrowa-a-grafika-wektorowa/}}, note = {Dostęp: 2020-01-12}

@misc{Textures, howpublished = {\url{https://craftportal.pl/paczki-zasobow-tworzyc-modele-3d-czesc-1/28718}}, note = {Dostęp: 2020-01-12}

@misc{Background, howpublished = {\url{https://steamcommunity.com/sharedfiles/filedetails/?id=1368519389}}, note = {Dostęp: 2020-01-12}

@misc{loadSCR, howpublished = {\url{http://www.ps2hardcore.net/forum/viewtopic.php?t=3852&p=122218}}, note = {Dostęp: 2020-01-12}

@misc{Interface, howpublished = {\url{https://www.artstation.com/artwork/2AYqe}}, note = {Dostęp: 2020-01-12}

@misc{ConceptArt, howpublished = {\url{https://hytalegame.pl/wprowadzenie-do-generatora-swiatow-hytale/}}, note = {Dostęp: 2020-01-12}

@misc{Mario, howpublished = {\url{https://www.telepolis.pl/images/2020/07/super-mario-bros.jpg}}, note = {Dostęp: 2020-01-12}

@misc{Github, howpublished = {\url{https://github.com/Paarzivall/Praca-Inzynierska}}

@misc{HollowKnight, howpublished = {\url{https://www.50gameslike.com/sites/default/files/styles/screen_large/public/images/h/hollow_knight_godmaster/hollow_knight_godmaster_1.jpg}}, note = {Dostęp: 2020-01-12}

@misc{Minecraft, howpublished = {\url{https://cdn.benchmark.pl/uploads/backend_img/c/recenzje/2020_04/10323_Co_to_Minecraft_poradnik/Minecraft_2.jpg}}, note = {Dostęp: 2020-01-12}

@misc{BinaryTree, howpublished = {\url{https://pl.wikipedia.org/wiki/Drzewo_binarne#/media/Plik:Binary_tree.svg}}, note = {Dostęp: 2020-01-12}

@misc{RGB, howpublished = {\url{https://pl.wikipedia.org/wiki/Plik:RGB_farbwuerfel.jpg}}, note = {Dostęp: 2020-01-13}
%bubblesort http://www.algorytm.org/algorytmy-sortowania/sortowanie-babelkowe-bubblesort.html

%kryptografia https://sjp.pwn.pl/szukaj/kryptografia.html

%szyfr PlayFair opis http://www.crypto-it.net/pl/proste/szyfr-playfair.html?tab=0

%atak siłowyhttp://www.crypto-it.net/pl/ataki/atak-silowy.html

%find() https://www.w3schools.com/python/ref_string_find.asp

% render() https://www.pygame.org/docs/ref/font.html

% quicksort http://www.algorytm.edu.pl/algorytmy-maturalne/quick-sort.html
% rekurencja http://www.algorytm.edu.pl/rekurencja.html
%dziel i zwyciężaj http://liceum-zwolen.pl/pomoce/sortowanie/DivCon.html